@book{Da2012Notebooks,
  title={The notebooks of Leonardo da Vinci},
  author={Da Vinci, Leonardo},
  volume={1},
  year={2012},
  publisher={Courier Corporation}
}
@article{Lippmann1908Epreuves,
  title        = {Epreuves reversibles donnant la sensation du relief},
  author       = {Lippmann, Gabriel},
  journal      = {J. Phys. Theor. Appl.},
  doi          = {10.1051/jphystap:019080070082100},
  volume       = {7},
  number       = {1},
  pages        = {821--825},
  year         = {1908}
}
@article{Adelson1991Plenoptic,
  title        = {The plenoptic function and the elements of early vision},
  author       = {Adelson, Edward H. and Bergen James R.},
  journal      = {Computational Models of Visual Processing},
  pages        = {3--20},
  year         = {1991}
}
@article{Adelson1992Single,
  title        = {Single lens stereo with a plenoptic camera},
  author       = {Adelson, Edward H and Wang, John Y. A.},
  journal      = {IEEE Transactions on Pattern Analysis Machine Intelligence},
  number       = {2},
  pages        = {99--106},
  year         = {1992}
}
@article{Yang2002Real,
  title        = {A real-time distributed light field camera},
  author       = {Yang, Jason C and Everett, Matthew and Buehler, Chris and McMillan, Leonard},
  journal      = {Rendering Techniques},
  volume       = {2002},
  pages        = {77--86},
  year         = {2002}
}
@article{Levin2007Image,
  title        = {Image and depth from a conventional camera with a coded aperture},
  author       = {Levin, Anat and Fergus, Rob and Durand, Fr{\'e}do and Freeman, William T},
  journal      = {ACM transactions on graphics},
  volume       = {26},
  number       = {3},
  pages        = {70},
  year         = {2007}
}
@article{Gershun1939Light,
  title        = {The light field},
  author       = {Gershun, Andre{\i}},
  journal      = {Journal of Mathematics and Physics},
  doi          = {10.1002/sapm193918151},
  volume       = {18},
  number       = {1--4},
  pages        = {51--151},
  year         = {1939}
}
@article{lam:15J5,
 author    = {Edmund Y. Lam},
 title     = {Computational Photography with Plenoptic Camera and Light Field Capture: Tutorial},
 journal   = {Journal of the Optical Society of America A},
 volume    = {32}, number = {11}, pages={2021--2032},
 month     = {November},
 year      = 2015
}
@inproceedings{Wilburn2005High,
  title        = {High performance imaging using large camera arrays},
  author       = {Wilburn, Bennett and Joshi, Neel and Vaish, Vaibhav and Talvala, Eino-Ville and Antunez, Emilio and Barth, Adam and Adams, Andrew and Horowitz, Mark and Levoy, Marc},
  booktitle    = {ACM Transactions on Graphics},
  volume       = {24},
  number       = {3},
  pages        = {765--776},
  doi          = {10.1145/1186822.1073259},
  year         = {2005}
}
@article{Ng2005Light,
  title        = {Light field photography with a hand-held plenoptic camera},
  author       = {Ng, Ren and Levoy, Marc and Br{\'e}dif, Mathieu and Duval, Gene and Horowitz, Mark and Hanrahan, Pat},
  journal      = {Computer Science Technical Report},
  volume       = {2},
  number       = {11},
  pages        = {1--11},
  year         = {2005}
}
@inproceedings{Perwass2012Single,
  title        = {Single lens 3{D}-camera with extended depth-of-field},
  author       = {Perwass, Christian and Wietzke, Lennart},
  booktitle    = {Human Vision and Electronic Imaging XVII},
  volume       = {8291},
  pages        = {829108-1--829108-15},
  doi          = {10.1117/12.909882},
  month        = {Feburary},
  year         = {2012},
  organization = {International Society for Optics and Photonics}
}
@inproceedings{Bishop2010Full,
  title        = {Full-resolution depth map estimation from an aliased plenoptic light field},
  author       = {Bishop, Tom E and Favaro, Paolo},
  booktitle    = {Asian Conference on Computer Vision},
  volume       = {6493},
  pages        = {186--200},
  doi          = {10.1007/978-3-642-19309-5_15},
  year         = {2010},
  organization = {Springer}
}
@inproceedings{Ng2006Digital,
  title        = {Digital light field photography},
  author       = {Ng, Ren},
  booktitle    = {Ph.D Dissertation, Dept. Computer Science},
  year         = {2006},
  organization = {Stanford University California, CA, USA}
}
@article{Georgiev2010Focused,
  title        = {Focused plenoptic camera and rendering},
  author       = {Georgiev, Todor G and Lumsdaine, Andrew},
  journal      = {Journal of Electronic Imaging},
  volume       = {19},
  number       = {2},
  pages        = {021106-1--021106-11},
  month        = {April},
  year         = {2010},
  publisher    = {International Society for Optics and Photonics}
}
@article{Bishop2012Light,
  title        = {The light field camera: Extended depth of field, aliasing, and superresolution},
  author       = {Bishop, Tom E and Favaro, Paolo},
  journal      = {IEEE Transactions on Pattern Analysis and Machine Intelligence},
  volume       = {34},
  number       = {5},
  pages        = {972--986},
  doi          = {10.1109/TPAMI.2011.168},
  month        = {August},
  year         = {2012}
}
@article{Wanner2014Variational,
  title        = {Variational light field analysis for disparity estimation and super-resolution},
  author       = {Wanner, Sven and Goldluecke, Bastian},
  journal      = {IEEE Transactions on Pattern Analysis and Machine Intelligence},
  volume       = {36},
  number       = {3},
  pages        = {606--619},
  doi          = {10.1109/TPAMI.2013.147},
  month        = {August},
  year         = {2014}
}
@inproceedings{Srinivasan2017Learning,
  title        = {Learning to synthesize a 4{D} {RGBD} light field from a single image},
  author       = {Srinivasan, Pratul P and Wang, Tongzhou and Sreelal, Ashwin and Ramamoorthi, Ravi and Ng, Ren},
  booktitle    = {IEEE International Conference on Computer Vision},
  volume       = {2},
  number       = {5},
  pages        = {2243--2251},
  year         = {2017}
}
@inproceedings{Mitra2012Light,
  title        = {Light field denoising, light field superresolution and stereo camera based refocussing using a {GMM} light field patch prior},
  author       = {Mitra, Kaushik and Veeraraghavan, Ashok},
  booktitle    = {IEEE Conference on Computer Vision and Pattern Recognition Workshops},
  pages        = {22--28},
  doi          = {10.1109/CVPRW.2012.6239346},
  month        = {July},
  year         = {2012}
}
@inproceedings{Jeon2015Accurate,
  title        = {Accurate depth map estimation from a lenslet light field camera},
  author       = {Jeon, Hae-Gon and Park, Jaesik and Choe, Gyeongmin and Park, Jinsun and Bok, Yunsu and Tai, Yu-Wing and So Kweon, In},
  booktitle    = {IEEE Conference on Computer Vision and Pattern Recognition},
  pages        = {1547--1555},
  doi          = {10.1109/CVPR.2015.7298762},
  month        = {October},
  year         = {2015}
}
@inproceedings{Tao2013Depth,
  title        = {Depth from combining defocus and correspondence using light-field cameras},
  author       = {Tao, Michael W and Hadap, Sunil and Malik, Jitendra and Ramamoorthi, Ravi},
  booktitle    = {IEEE International Conference on Computer Vision},
  pages        = {673--680},
  doi          = {10.1109/ICCV.2013.89},
  month        = {March},
  year         = {2013}
}
@inproceedings{Wang2015Occlusion,
  title        = {Occlusion-aware depth estimation using light-field cameras},
  author       = {Wang, Ting-Chun and Efros, Alexei A and Ramamoorthi, Ravi},
  booktitle    = {IEEE International Conference on Computer Vision},
  pages        = {3487--3495},
  doi          = {10.1109/ICCV.2015.398},
  month        = {February},
  year         = {2015}
}
@article{Liang2015Light,
  title        = {A light transport framework for lenslet light field cameras},
  author       = {Liang, Chia-Kai and Ramamoorthi, Ravi},
  journal      = {ACM Transactions on Graphics},
  volume       = {34},
  number       = {2},
  pages        = {16:1--16:19},
  doi          = {10.1145/2665075},
  month        = {February},
  year         = {2015}
}
@inproceedings{Wu2017Light,
  title        = {Light field reconstruction using deep convolutional network on {EPI}},
  author       = {Wu, Gaochang and Zhao, Mandan and Wang, Liangyong and Dai, Qionghai and Chai, Tianyou and Liu, Yebin},
  booktitle    = {IEEE Conference on Computer Vision and Pattern Recognition},
  volume       = {2017},
  pages        = {1638--1646},
  doi          = {10.1109/CVPR.2017.178},
  month        = {November},
  year         = {2017}
}
@article{Wu2017LightTSP,
  title        = {Light field image processing: An overview},
  author       = {Wu, Gaochang and Masia, Belen and Jarabo, Adrian and Zhang, Yuchen and Wang, Liangyong and Dai, Qionghai and Chai, Tianyou and Liu, Yebin},
  journal      = {IEEE Journal of Selected Topics in Signal Processing},
  volume       = {11},
  number       = {7},
  pages        = {926--954},
  doi          = {10.1109/JSTSP.2017.2747126},
  month        = {August},
  year         = {2017}
}
@article{Pearson2013Plenoptic,
  title        = {Plenoptic layer-based modeling for image based rendering},
  author       = {Pearson, James and Brookes, Mike and Dragotti, Pier Luigi},
  journal      = {IEEE Transactions on Image Processing},
  volume       = {22},
  number       = {9},
  pages        = {3405--3419},
  doi          = {10.1109/TIP.2013.2268939},
  month        = {June},
  year         = {2013}
}
@inproceedings{Yoon2015Learning,
  title        = {Learning a deep convolutional network for light-field image super-resolution},
  author       = {Yoon, Youngjin and Jeon, Hae-Gon and Yoo, Donggeun and Lee, Joon-Young and Kweon, In So},
  booktitle    = {IEEE International Conference on Computer Vision Workshops},
  pages        = {57--65},
  doi          = {10.1109/ICCVW.2015.17},
  month        = {February},
  year         = {2015}
}
@inproceedings{Cheng2019Light,
  title        = {Light field super-resolution: a benchmark},
  author       = {Cheng, Zhen and Xiong, Zhiwei and Chen, Chang and Liu, Dong},
  booktitle    = {IEEE Conference on Computer Vision and Pattern Recognition},
  month        = {October},
  year         = {2019}
}
@article{Yoon2017Light,
  title        = {Light-field image super-resolution using convolutional neural network},
  author       = {Yoon, Youngjin and Jeon, Hae-Gon and Yoo, Donggeun and Lee, Joon-Young and Kweon, In So},
  journal      = {Signal Processing Letters},
  volume       = {24},
  number       = {6},
  pages        = {848--852},
  year         = {2017},
  publisher    = {IEEE}
}
@article{Zhang2015Light,
  title        = {Light field from micro-baseline image pair},
  author       = {Zhang, Zhoutong and Liu, Yebin and Dai, Qionghai},
  journal      = {IEEE Conference on Computer Vision and Pattern Recognition},
  pages        = {3800-3809},
  doi          = {10.1109/CVPR.2015.7299004},
  month        = {October},
  year         = {2015}
}
@article{Zhang2017Plenopatch,
  title        = {{PlenoPatch}: Patch-based plenoptic image manipulation},
  author       = {Zhang, Fang-Lue and Wang, Jue and Shechtman, Eli and Zhou, Zi-Ye and Shi, Jia-Xin and Hu, Shi-Min},
  journal      = {IEEE Transactions on Visualization and Computer Graphics},
  volume       = {23},
  number       = {5},
  pages        = {1561--1573},
  doi          = {10.1109/TVCG.2016.2532329},
  month        = {February},
  year         = {2017}
}
@inproceedings{Levin2010Linear,
  title        = {Linear view synthesis using a dimensionality gap light field prior},
  author       = {Levin, Anat and Durand, Fredo},
  booktitle    = {IEEE Conference on Computer Vision and Pattern Recognition},
  pages        = {1831--1838},
  doi          = {10.1109/CVPR.2010.5539854},
  month        = {August},
  year         = {2010}
}
@article{Farrugia2018Light,
  title        = {Light Field Super-Resolution using a Low-Rank Prior and Deep Convolutional Neural Networks},
  author       = {Farrugia, Reuben A and Guillemot, Christine},
  journal      = {IEEE Transactions on Pattern Analysis and Machine Intelligence},
  year         = {2019}
}
@inproceedings{Gortler1996Lumigraph,
  title        = {The lumigraph},
  author       = {Gortler, Steven J and Grzeszczuk, Radek and Szeliski, Richard and Cohen, Michael F},
  booktitle    = {ACM Annual Conference on Computer Graphics and Interactive Techniques},
  pages        = {43--54},
  doi          = {10.1145/237170.237200},
  year         = {1996}
}
@article{Ledig2016Photo,
  title        = {Photo-realistic single image super-resolution using a generative adversarial network},
  author       = {Ledig, Christian and Theis, Lucas and Husz{\'a}r, Ferenc and Caballero, Jose and Cunningham, Andrew and Acosta, Alejandro and Aitken, Andrew and Tejani, Alykhan and Totz, Johannes and Wang, Zehan and Shi, Wenzhe},
  journal      = {IEEE Conference on Computer Vision and Pattern Recognition},
  pages        = {105--114},
  doi          = {10.1109/CVPR.2017.19},
  month        = {November},
  year         = {2017}
}
@incollection{Goodfellow2014Generative,
  title        = {Generative Adversarial Nets},
  author       = {Goodfellow, Ian and Pouget-Abadie, Jean and Mirza, Mehdi and Xu, Bing and Warde-Farley, David and Ozair, Sherjil and Courville, Aaron and Bengio, Yoshua},
  booktitle    = {The 27th Neural Information Processing Systems Advances},
  pages        = {2672--2680},
  month        = {December},
  year         = {2014}
}
@inproceedings{Rerabek2016New,
  title        = {New light field image dataset},
  author       = {Rerabek, Martin and Ebrahimi, Touradj},
  booktitle    = {The 8th International Conference on Quality of Multimedia Experience},
  number       = {EPFL-CONF-218363},
  month        = {June},
  year         = {2016}
}
@article{Mousnier2015Partial,
  title        = {Partial light field tomographic reconstruction from a fixed-camera focal stack},
  author       = {Mousnier, Antoine and Vural, Elif and Guillemot, Christine},
  journal      = {arXiv preprint arXiv:1503.01903},
  year         = {2015}
}
@misc{StanfordLytro,
  title        = {Stanford {Lytro} Light Field Archive},
  howpublished = {\url{http://lightfields.stanford.edu/}}
}
@misc{HCInew,
  title        = {{HCI} {4D} Light Field Dataset},
  howpublished = {\url{http://hci-lightfield.iwr.uni-heidelberg.de/}}
}
@misc{HCIold,
  title        = {{HCI} Old {4D} Light Field Dataset},
  howpublished = {\url{http://hci-lightfield.iwr.uni-heidelberg.de/}}
}
@misc{StanfordGantry,
  title        = {Stanford Light Field from the Lego Gantry},
  howpublished = {\url{http://lightfield.stanford.edu/lfs.html}}
}
@inproceedings{Levoy2006Light,
  title        = {Light field microscopy},
  author       = {Levoy, Marc and Ng, Ren and Adams, Andrew and Footer, Matthew and Horowitz, Mark},
  booktitle    = {ACM Transactions on Graphics},
  volume       = {25},
  number       = {3},
  pages        = {924--934},
  doi          = {10.1145/1141911.1141976},
  month        = {July},
  year         = {2006}
}
@article{Lin2015Camera,
  title        = {Camera array based light field microscopy},
  author       = {Lin, Xing and Wu, Jiamin and Zheng, Guoan and Dai, Qionghai},
  journal      = {Biomedical Optics Express},
  volume       = {6},
  number       = {9},
  pages        = {3179--3189},
  year         = {2015},
  publisher    = {Optical Society of America}
}
@inproceedings{Honauer2016Dataset,
  title        = {A dataset and evaluation methodology for depth estimation on 4{D} light fields},
  author       = {Honauer, Katrin and Johannsen, Ole and Kondermann, Daniel and Goldluecke, Bastian},
  booktitle    = {Asian Conference on Computer Vision},
  pages        = {19--34},
  month        = {March},
  year         = {2016},
  organization = {Springer}
}
@inproceedings{Wanner2013Datasets,
  title={Datasets and benchmarks for densely sampled {4D} light fields.},
  author={Wanner, Sven and Meister, Stephan and Goldluecke, Bastian},
  booktitle={Vision, Modeling, and Visualization},
  volume={13},
  pages={225--226},
  year={2013}
}
@misc{Gross2016Training,
  title        = {Training and investigating Residual Nets},
  author       = {Sam, Gross and Michael, Wilber},
  howpublished = {\url{http://torch.ch/blog/2016/02/04/resnets.html}},
  month        = {February},
  year         = {2016}
}
@inproceedings{Gupta2011Modified,
  title        = {A modified {PSNR} metric based on {HVS} for quality assessment of color images},
  author       = {Gupta, Prateek and Srivastava, Priyanka and Bhardwaj, Satyam and Bhateja, Vikrant},
  booktitle    = {IEEE International Conference on Communication and Industrial Application},
  pages        = {1--4},
  doi          = {10.1109/ICCIndA.2011.6146669},
  month        = {February},
  year         = {2011}
}
@article{Simonyan2014Very,
  title        = {Very deep convolutional networks for large-scale image recognition},
  author       = {Simonyan, Karen and Zisserman, Andrew},
  journal      = {International Conference on Learning Representations},
  year         = {2015}
}
@article{Farsiu2004Advances,
  title        = {Advances and challenges in super-resolution},
  author       = {Farsiu, Sina and Robinson, Dirk and Elad, Michael and Milanfar, Peyman},
  journal      = {International Journal of Imaging Systems and Technology},
  volume       = {14},
  number       = {2},
  pages        = {47--57},
  doi          = {https://doi.org/10.1002/ima.20007},
  month        = {August},
  year         = {2004}
}
@article{Park2003Super,
  title        = {Super-resolution image reconstruction: a technical overview},
  author       = {Park, Sung Cheol and Park, Min Kyu and Kang, Moon Gi},
  journal      = {Signal Processing Magazine},
  volume       = {20},
  number       = {3},
  pages        = {21--36},
  month        = {June},
  year         = {2003},
  publisher    = {IEEE}
}
@inproceedings{Levoy1996Light,
  title        = {Light field rendering},
  author       = {Levoy, Marc and Hanrahan, Pat},
  booktitle    = {ACM Conference on Computer Graphics and Interactive Techniques},
  pages        = {31--42},
  doi          = {10.1145/237170.237199},
  year         = {1996}
}
@inproceedings{Sun2016Data,
  title        = {Data-driven light field depth estimation using deep Convolutional Neural Networks},
  author       = {Sun, Xing and Xu, Zhimin and Meng, Nan and Lam, Edmund Y and So, Hayden K-H},
  booktitle    = {IEEE International Joint Conference on Neural Networks},
  pages        = {367--374},
  doi          = {10.1109/IJCNN.2016.7727222},
  month        = {November},
  year         = {2016}
}
@inproceedings{Shin2018Epinet,
  title        = {{EPINET}: A Fully-Convolutional Neural Network Using Epipolar Geometry for Depth from Light Field Images},
  author       = {Shin, Changha and Jeon, Hae-Gon and Yoon, Youngjin and Kweon, In So and Kim, Seon Joo},
  booktitle    = {IEEE Conference on Computer Vision and Pattern Recognition},
  pages        = {4748--4757},
  year         = {2018}
}
@article{Wang2016Depth,
  title        = {Depth estimation with occlusion modeling using light-field cameras},
  author       = {Wang, Ting-Chun and Efros, Alexei A and Ramamoorthi, Ravi},
  journal      = {IEEE Transactions on Pattern Analysis and Machine Intelligence},
  volume       = {38},
  number       = {11},
  pages        = {2170--2181},
  year         = {2016}
}
@article{Kalantari2016Learning,
  title        = {Learning-based view synthesis for light field cameras},
  author       = {Kalantari, Nima Khademi and Wang, Ting-Chun and Ramamoorthi, Ravi},
  journal      = {ACM Transactions on Graphics},
  volume       = {35},
  number       = {6},
  pages        = {193:1--193:10},
  doi          = {10.1145/2980179.2980251},
  month        = {November},
  year         = {2016}
}
@article{Chan2007Super,
  title        = {Super-resolution reconstruction in a computational compound-eye imaging system},
  author       = {Chan, Wai-San and Lam, Edmund Y and Ng, Michael K and Mak, Giuseppe Y},
  journal      = {Multidimensional Systems and Signal Processing},
  volume       = {18},
  number       = {2-3},
  pages        = {83--101},
  month        = {February},
  year         = {2007},
  publisher    = {Springer}
}
@inproceedings{He2016Deep,
  title        = {Deep residual learning for image recognition},
  author       = {He, Kaiming and Zhang, Xiangyu and Ren, Shaoqing and Sun, Jian},
  booktitle    = {IEEE Conference on Computer Vision and Pattern Recognition},
  pages        = {770--778},
  doi          = {10.1109/CVPR.2016.90},
  month        = {June},
  year         = {2016}
}
@inproceedings{Long2015Fully,
  title        = {Fully convolutional networks for semantic segmentation},
  author       = {Shelhamer, Evan and Long, Jonathan and Darrell, Trevor},
  booktitle    = {IEEE Transactions on Pattern Analysis and Machine Intelligence},
  pages        = {3431--3440},
  volume       = {39},
  number       = {4},
  month        = {May},
  doi          = {10.1109/TPAMI.2016.2572683},
  year         = {2015}
}
@article{Dong2016Image,
  title        = {Image super-resolution using deep convolutional networks},
  author       = {Dong, Chao and Loy, Chen Change and He, Kaiming and Tang, Xiaoou},
  journal      = {IEEE ransactions on Pattern Analysis and Machine Intelligence},
  volume       = {38},
  number       = {2},
  pages        = {295--307},
  doi          = {10.1109/TPAMI.2015.2439281},
  month        = {June},
  year         = {2016}
}
@inproceedings{Eigen2014Depth,
  title        = {Depth map prediction from a single image using a multi-scale deep network},
  author       = {Eigen, David and Puhrsch, Christian and Fergus, Rob},
  booktitle    = {Neural Information Processing Systems},
  pages        = {2366--2374},
  year         = {2014}
}
@article{Wang2017Light,
  title        = {The light field attachment: turning a {DSLR} into a light field camera using a low budget camera ring},
  author       = {Wang, Yuwang and Liu, Yebin and Heidrich, Wolfgang and Dai, Qionghai},
  journal      = {IEEE Transactions on Visualization and Computer Graphics},
  volume       = {23},
  number       = {10},
  pages        = {2357--2364},
  doi          = {10.1109/TVCG.2016.2628743},
  month        = {November},
  year         = {2017}
}
@article{Wu2018Light,
  title        = {Light Field Reconstruction Using Convolutional Network on {EPI} and Extended Applications},
  author       = {Wu, Gaochang and Liu, Yebin and Fang, Lu and Dai, Qionghai and Chai, Tianyou},
  journal      = {IEEE Transactions on Pattern Analysis and Machine Intelligence},
  number       = {1},
  pages        = {1681--1694},
  doi          = {10.1109/TPAMI.2018.2845393},
  year         = {2018}
}
@inproceedings{Kim2016Accurate,
  title        = {Accurate image super-resolution using very deep convolutional networks},
  author       = {Kim, Jiwon and Kwon Lee, Jung and Mu Lee, Kyoung},
  booktitle    = {IEEE Conference on Computer Vision and Pattern Recognition},
  pages        = {1646--1654},
  doi          = {10.1109/CVPR.2016.182},
  month        = {June},
  year         = {2016}
}
@article{Wang2018Lfnet,
  title        = {{LFNet}: A Novel Bidirectional Recurrent Convolutional Neural Network for Light-Field Image Super-Resolution},
  author       = {Wang, Yunlong and Liu, Fei and Zhang, Kunbo and Hou, Guangqi and Sun, Zhenan and Tan, Tieniu},
  journal      = {IEEE Transactions on Image Processing},
  volume       = {27},
  number       = {9},
  pages        = {4274--4286},
  year         = {2018}
}
@article{Farrugia2017Super,
  title        = {Super resolution of light field images using linear subspace projection of patch-volumes},
  author       = {Farrugia, Reuben A and Galea, Christian and Guillemot, Christine},
  journal      = {IEEE Journal of Selected Topics in Signal Processing},
  volume       = {11},
  number       = {7},
  pages        = {1058--1071},
  doi          = {10.1109/JSTSP.2017.2747127},
  month        = {August},
  year         = {2017}
}
@article{Lai2017Fast,
  title        = {Fast and accurate image super-resolution with deep laplacian pyramid networks},
  author       = {Lai, Wei-Sheng and Huang, Jia-Bin and Ahuja, Narendra and Yang, Ming-Hsuan},
  journal      = {arXiv preprint arXiv:1710.01992},
  year         = {2017}
}
@article{Huang2018Video,
  title        = {Video super-resolution via bidirectional recurrent convolutional networks},
  author       = {Huang, Yan and Wang, Wei and Wang, Liang},
  journal      = {IEEE Transactions on Pattern Analysis and Machine Intelligence},
  volume       = {40},
  number       = {4},
  pages        = {1015--1028},
  doi          = {10.1109/TPAMI.2017.2701380},
  month        = {May},
  year         = {2018}
}
@inproceedings{Zhang2018Residual,
  title        = {Residual dense network for image super-resolution},
  author       = {Zhang, Yulun and Tian, Yapeng and Kong, Yu and Zhong, Bineng and Fu, Yun},
  booktitle    = {IEEE Conference on Computer Vision and Pattern Recognition},
  pages        = {2472--2481},
  year         = {2018}
}
@article{Farsiu2004Fast,
  title        = {Fast and robust multiframe super resolution},
  author       = {Farsiu, Sina and Robinson, M Dirk and Elad, Michael and Milanfar, Peyman},
  journal      = {IEEE Transactions on Image Processing},
  volume       = {13},
  number       = {10},
  pages        = {1327--1344},
  doi          = {10.1109/TIP.2004.834669},
  month        = {September},
  year         = {2004}
}
@inproceedings{Liu2011Bayesian,
  title        = {A Bayesian approach to adaptive video super resolution},
  author       = {Liu, Ce and Sun, Deqing},
  booktitle    = {IEEE Conference on Computer Vision and Pattern Recognition},
  pages        = {209--216},
  doi          = {10.1109/CVPR.2011.5995614},
  month        = {August},
  year         = {2011}
}
@inproceedings{Ma2015Handling,
  title        = {Handling motion blur in multi-frame super-resolution},
  author       = {Ma, Ziyang and Liao, Renjie and Tao, Xin and Xu, Li and Jia, Jiaya and Wu, Enhua},
  booktitle    = {IEEE Conference on Computer Vision and Pattern Recognition},
  pages        = {5224--5232},
  doi          = {10.1109/CVPR.2015.7299159},
  month        = {October},
  year         = {2015}
}
@inproceedings{Shi2016Real,
  title        = {Real-time single image and video super-resolution using an efficient sub-pixel convolutional neural network},
  author       = {Shi, Wenzhe and Caballero, Jose and Husz{\'a}r, Ferenc and Totz, Johannes and Aitken, Andrew P and Bishop, Rob and Rueckert, Daniel and Wang, Zehan},
  booktitle    = {IEEE Conference on Computer Vision and Pattern Recognition},
  pages        = {1874--1883},
  doi          = {10.1109/CVPR.2016.207},
  month        = {June},
  year         = {2016}
}
@article{Lam2015Computational,
  title        = {Computational photography with plenoptic camera and light field capture: tutorial},
  author       = {Lam, Edmund Y},
  journal      = {Journal of the Optical Society of America A},
  volume       = {32},
  number       = {11},
  pages        = {2021--2032},
  year         = {2015},
  publisher    = {Optical Society of America}
}
@inproceedings{Jo2018Deep,
  title        = {Deep Video Super-Resolution Network Using Dynamic Upsampling Filters Without Explicit Motion Compensation},
  author       = {Jo, Younghyun and Oh, Seoung Wug and Kang, Jaeyeon and Kim, Seon Joo},
  booktitle    = {IEEE Conference on Computer Vision and Pattern Recognition},
  pages        = {3224--3232},
  year         = {2018}
}
@inproceedings{Ziegler2017Acquisition,
  title        = {Acquisition system for dense lightfield of large scenes},
  author       = {Ziegler, Matthias and op het Veld, Ron and Keinert, Joachim and Zilly, Frederik},
  booktitle    = {IEEE Conference on The True Vision-Capture, Transmission and Display of 3D Video},
  pages        = {1--4},
  doi          = {10.1109/3DTV.2017.8280412},
  month        = {February},
  year         = {2017}
}
@inproceedings{Lim2009Improving,
  title        = {Improving the spatial resolution based on {4D} light field data},
  author       = {Lim, JaeGuyn and Ok, HyunWook and Park, ByungKwan and Kang, JooYoung and Lee, SeongDeok},
  booktitle    = {IEEE International Conference on Image Processing},
  pages        = {1173--1176},
  doi          = {10.1109/ICIP.2009.5413719},
  month        = {February},
  year         = {2009}
}
@article{Vagharshakyan2018Light,
  title        = {Light field reconstruction using shearlet transform},
  author       = {Vagharshakyan, Suren and Bregovic, Robert and Gotchev, Atanas},
  journal      = {IEEE Transactions on Pattern Analysis and Machine Intelligence},
  volume       = {40},
  number       = {1},
  pages        = {133--147},
  year         = {2018}
}
@inproceedings{Flynn2016Deepstereo,
  title        = {{DeepStereo}: Learning to predict new views from the world's imagery},
  author       = {Flynn, John and Neulander, Ivan and Philbin, James and Snavely, Noah},
  booktitle    = {Proceedings of the IEEE Conference on Computer Vision and Pattern Recognition},
  pages        = {5515--5524},
  doi          = {10.1109/CVPR.2016.595},
  month        = {December},
  year         = {2016}
}
@inproceedings{Johnson2016Perceptual,
  title        = {Perceptual losses for real-time style transfer and super-resolution},
  author       = {Johnson, Justin and Alahi, Alexandre and Fei-Fei, Li},
  booktitle    = {European Conference on Computer Vision},
  volume       = {9906},
  pages        = {694--711},
  doi          = {https://doi.org/10.1007/978-3-319-46475-6_43},
  month        = {September},
  year         = {2016}
}
@inproceedings{Glorot2010Understanding,
  title        = {Understanding the difficulty of training deep feedforward neural networks},
  author       = {Glorot, Xavier and Bengio, Yoshua},
  booktitle    = {The thirteenth International Conference on Artificial Intelligence and Statistics},
  pages        = {249--256},
  year         = {2010}
}
@inproceedings {Abadi2016Tensorflow,
author         = {Mart{\'\i}n Abadi and Paul Barham and Jianmin Chen and Zhifeng Chen and Andy Davis and Jeffrey Dean and Matthieu Devin and Sanjay Ghemawat and Geoffrey Irving and Michael Isard and Manjunath Kudlur and Josh Levenberg and Rajat Monga and Sherry Moore and Derek G. Murray and Benoit Steiner and Paul Tucker and Vijay Vasudevan and Pete Warden and Martin Wicke and Yuan Yu and Xiaoqiang Zheng},
title          = {{TensorFlow}: A System for Large-Scale Machine Learning},
booktitle      = {The 12th {USENIX} Symposium on Operating Systems Design and Implementation},
year           = {2016},
isbn           = {978-1-931971-33-1},
address        = {Savannah, GA},
pages          = {265--283}
}
@article{Gul2018Spatial, 
    author     = {M. S. K. Gul and B. K. Gunturk}, 
    journal    = {IEEE Transactions on Image Processing}, 
    title      = {Spatial and Angular Resolution Enhancement of Light Fields Using Convolutional Neural Networks}, 
    volume     = {27}, 
    number     = {5}, 
    pages      = {2146-2159},
    doi        = {10.1109/TIP.2018.2794181}, 
    ISSN       = {1057-7149}, 
    month      = {May},
    year       = {2018}
}
@article{Paszke2017Automatic,
  title        = {Automatic differentiation in {PyTorch}},
  author       = {Paszke, Adam and Gross, Sam and Chintala, Soumith and Chanan, Gregory and Yang, Edward and DeVito, Zachary and Lin, Zeming and Desmaison, Alban and Antiga, Luca and Lerer, Adam},
  journal      = {Conference on Neural Information Processing Systems},
  year         = {2017}
}
@book{Goodfellow2016Deep,
    title      = {Deep Learning},
    author     = {Ian Goodfellow and Yoshua Bengio and Aaron Courville},
    publisher  = {MIT Press},
    note       = {\url{http://www.deeplearningbook.org}},
    year       = {2016}
}
@inproceedings{Maas2013Rectifier,
  title        = {Rectifier nonlinearities improve neural network acoustic models},
  author       = {Maas, Andrew L and Hannun, Awni Y and Ng, Andrew Y},
  booktitle    = {International Conference on Machine Learning},
  volume       = {30},
  number       = {1},
  year         = {2013}
}
@inproceedings{Huang2017Densely,
  title        = {Densely Connected Convolutional Networks.},
  author       = {Huang, Gao and Liu, Zhuang and Van Der Maaten, Laurens and Weinberger, Kilian Q},
  booktitle    = {IEEE Conference on Computer Vision and Pattern Recognition},
  volume       = {1},
  number       = {2},
  pages        = {4700--4708},
  month        = {November},
  year         = {2017}
}
@InProceedings{Yeung2018Fast,
  author       = {Yeung, Henry Wing Fung and Hou, Junhui and Chen, Jie and Chung, Yuk Ying and Chen, Xiaoming},
  title        = {Fast Light Field Reconstruction With Deep Coarse-To-Fine Modeling of Spatial-Angular Clues},
  booktitle    = {The European Conference on Computer Vision},
  page         = {137-152},
  month        = {September},
  year         = {2018}
}
@inproceedings{Wanner2012Spatial,
  title        = {Spatial and angular variational super-resolution of {4D} light fields},
  author       = {Wanner, Sven and Goldluecke, Bastian},
  booktitle    = {European Conference on Computer Vision},
  pages        = {608--621},
  year         = {2012},
  organization = {Springer}
}
@article{Rossi2018Geometry,
  title        = {Geometry-consistent light field super-resolution via graph-based regularization},
  author       = {Rossi, Mattia and Frossard, Pascal},
  journal      = {IEEE Transactions on Image Processing},
  volume       = {27},
  number       = {9},
  pages        = {4207--4218},
  year         = {2018}
}
@inproceedings{Rossi2018Nonsmooth,
  title        = {A Nonsmooth Graph-Based Approach to Light Field Super-Resolution},
  author       = {Rossi, Mattia and El Gheche, Mireille and Frossard, Pascal},
  booktitle    = {IEEE International Conference on Image Processing},
  pages        = {2590--2594},
  year         = {2018}
}
@article{Ioffe2015Batch,
  title        = {Batch normalization: Accelerating deep network training by reducing internal covariate shift},
  author       = {Ioffe, Sergey and Szegedy, Christian},
  journal      = {arXiv preprint arXiv:1502.03167},
  year         = {2015}
}
@inproceedings{Boominathan2014Improving,
  title        = {Improving resolution and depth-of-field of light field cameras using a hybrid imaging system},
  author       = {Boominathan, Vivek and Mitra, Kaushik and Veeraraghavan, Ashok},
  booktitle    = {International Conference on Computational Photography},
  pages        = {1--10},
  year         = {2014},
  organization = {IEEE}
}
@article{Wang2016Light,
  title        = {The light field attachment: Turning a dslr into a light field camera using a low budget camera ring},
  author       = {Wang, Yuwang and Liu, Yebin and Heidrich, Wolfgang and Dai, Qionghai},
  journal      = {IEEE Transactions on Visualization and Computer Graphics},
  volume       = {23},
  number       = {10},
  pages        = {2357--2364},
  year         = {2016}
}
@article{Yeung2018Light,
  title        = {Light field spatial super-resolution using deep efficient spatial-angular separable convolution},
  author       = {Yeung, Henry Wing Fung and Hou, Junhui and Chen, Xiaoming and Chen, Jie and Chen, Zhibo and Chung, Yuk Ying},
  journal      = {IEEE Transactions on Image Processing},
  volume       = {28},
  number       = {5},
  pages        = {2319--2330},
  year         = {2018}
}
@article{Georgiev2006Spatio,
  title        = {Spatio-angular resolution tradeoffs in integral photography.},
  author       = {Georgiev, Todor G and Zheng, Ke Colin and Curless, Brian and Salesin, David and Nayar, Shree K and Intwala, Chintan},
  journal      = {Rendering Techniques},
  volume       = {2006},
  number       = {263-272},
  pages        = {21},
  year         = {2006}
}
@article{Ji20123D,
  title        = {3D convolutional neural networks for human action recognition},
  author       = {Ji, Shuiwang and Xu, Wei and Yang, Ming and Yu, Kai},
  journal      = {IEEE Transactions on Pattern Analysis and Machine Intelligence},
  volume       = {35},
  number       = {1},
  pages        = {221--231},
  year         = {2012}
}
@inproceedings{Sun2015Synthesis,
  title        = {Synthesis of light-field raw data from {RGB-D} images},
  author       = {Sun, Chao and Wu, Yiqun and Zeng, Bing},
  booktitle    = {IEEE International Conference on Image Processing},
  pages        = {1448--1452},
  year         = {2015}
}
@inproceedings{Sun2016Sparse,
  title        = {Sparse hierarchical nonparametric Bayesian learning for light field representation and denoising},
  author       = {Sun, Xing and Meng, Nan and Xu, Zhimin and Lam, Edmund Y and So, Hayden K-H},
  booktitle    = {IEEE International Joint Conference on Neural Networks},
  pages        = {3272--3279},
  year         = {2016}
}
@inproceedings{Wang2009Decoupling,
  title        = {Decoupling sparsity and smoothness in the discrete hierarchical dirichlet process},
  author       = {Wang, Chong and Blei, David M},
  booktitle    = {Advances in Neural Information Processing Systems},
  pages        = {1982--1989},
  year         = {2009}
}
@article{Mathieu2016Deep,
  title        = {Deep multi-scale video prediction beyond mean square error},
  author       = {Mathieu, Michael and Couprie, Camille and LeCun, Yann},
  journal      = {International Conference on Learning Representation},
  year         = {2016}
}
@article{Chaurasia2013Depth,
  title        = {Depth synthesis and local warps for plausible image-based navigation},
  author       = {Chaurasia, Gaurav and Duchene, Sylvain and Sorkine-Hornung, Olga and Drettakis, George},
  journal      = {ACM Transactions on Graphics},
  volume       = {32},
  number       = {3},
  pages        = {1--12},
  year         = {2013}
}
@incollection{Goesele2010Ambient,
  title        = {Ambient point clouds for view interpolation},
  author       = {Goesele, Michael and Ackermann, Jens and Fuhrmann, Simon and Haubold, Carsten and Klowsky, Ronny and Steedly, Drew and Szeliski, Richard},
  booktitle    = {ACM Special Interest Group on Computer Graphics and Interactive Techniques},
  pages        = {1--6},
  year         = {2010}
}
@article{Meng2019Computational,
  title        = {Computational light field generation using deep nonparametric bayesian learning},
  author       = {Meng, Nan and Sun, Xing and So, Hayden K-H and Lam, Edmund Y},
  journal      = {IEEE Access},
  volume       = {7},
  pages        = {24990--25000},
  year         = {2019}
}
@inproceedings{Meng2019Spatial,
  title        = {Spatial and Angular Reconstruction of Light Field Based on Deep Generative Networks},
  author       = {Meng, Nan and Zeng, Tianjiao and Lam, Edmund Y},
  booktitle    = {International Conference on Image Processing},
  year         = {2019}
}
@article{Meng2019Highdimensional,
  title        = {High-dimensional dense residual convolutional neural network for light field reconstruction},
  author       = {Meng, Nan and So, Hayden Kwok-Hay and Sun, Xing and Lam, Edmund},
  journal      = {IEEE Transaction on Pattern Analysis and Machine Intelligence},
  year         = {2019}
}
@article{Meng2020Highorder,
  title        = {High-order residual network for light field super-resolution},
  author       = {Meng, Nan and Wu, Xiaofei and Sun, Xing and Lam, Edmund},
  journal      = {Association for the Advancement of Artificial Intelligence},
  year         = {2020}
}
@article{Meng2018Large,
  title        = {Large-scale multi-class image-based cell classification with deep learning},
  author       = {Meng, Nan and Lam, Edmund and Tsia, Kevin Kin Man and So, Hayden Kwok-Hay},
  journal      = {IEEE Journal of Biomedical and Health Informatics},
  volume       = {23},
  number       = {5},
  pages        = {2091--2098},
  year         = {2019}
}
@inproceedings{Zhang2019Residual,
  title        = {Residual Networks for Light Field Image Super-Resolution},
  author       = {Zhang, Shuo and Lin, Youfang and Sheng, Hao},
  booktitle    = {IEEE Conference on Computer Vision and Pattern Recognition},
  page         = {11046--11055},
  year         = {2019}
}
@article{Lai2019Fast,
  title        = {Fast and accurate image super-resolution with deep laplacian pyramid networks},
  author       = {Lai, Wei-Sheng and Huang, Jia-Bin and Ahuja, Narendra and Yang, Ming-Hsuan},
  journal      = {IEEE Transactions on Pattern Analysis and Machine Intelligence},
  volume       = {41},
  number       = {11},
  pages        = {2599--2613},
  year         = {2019}
}